@article{atkeson2019aggregate,
  title={Aggregate implications of innovation policy},
  author={Atkeson, Andrew and Burstein, Ariel},
  journal={Journal of Political Economy},
  volume={127},
  number={6},
  pages={2625--2683},
  year={2019},
  publisher={The University of Chicago Press Chicago, IL}
}

@article{fajgelbaum2020optimal,
  title={Optimal spatial policies, geography, and sorting},
  author={Fajgelbaum, Pablo D and Gaubert, Cecile},
  journal={The Quarterly Journal of Economics},
  volume={135},
  number={2},
  pages={959--1036},
  year={2020},
  publisher={Oxford University Press}
}

@techreport{ales2019optimal,
  title={Optimal Taxation of Income-Generating Choice},
  author={Ales, Laurence and Sleet, Christopher and others},
  year={2020}
}

@article{davila2012constrained,
  title={Constrained efficiency in the neoclassical growth model with uninsurable idiosyncratic shocks},
  author={Davila, Julio and Hong, Jay H and Krusell, Per and R{\'\i}os-Rull, Jos{\'e}-V{\'\i}ctor},
  journal={Econometrica},
  volume={80},
  number={6},
  pages={2431--2467},
  year={2012},
}

@techreport{almunia2018venting,
  title={Venting Out: Exports During a Domestic Slump},
  author={Almunia, Miguel and Antr{\`a}s, Pol and Lopez-Rodriguez, David and Morales, Eduardo},
  year={2018},
  institution={National Bureau of Economic Research}
}

@techreport{jones2018household,
  title={Household Leverage and the Recession},
  author={Jones, Callum and Midrigan, Virgiliu and Philippon, Thomas},
  year={2018},
  institution={National Bureau of Economic Research}
}

@techreport{acemoglu2017robots,
  title={Robots and Jobs: Evidence from US Labor Markets},
  author={Acemoglu, Daron and Restrepo, Pascual},
  year={2017},
  institution={National Bureau of Economic Research}
}

@article{beraja2018regional,
  title={Regional heterogeneity and the refinancing channel of monetary policy},
  author={Beraja, Martin and Fuster, Andreas and Hurst, Erik and Vavra, Joseph},
  journal={The Quarterly Journal of Economics},
  volume={134},
  number={1},
  pages={109--183},
  year={2018},
  publisher={Oxford University Press}
}

@article{nakamura2014fiscal,
  title={Fiscal stimulus in a monetary union: Evidence from US regions},
  author={Nakamura, Emi and Steinsson, Jon},
  journal={American Economic Review},
  volume={104},
  number={3},
  pages={753--92},
  year={2014}
}

@techreport{beraja2016aggregate,
  title={The aggregate implications of regional business cycles},
  author={Beraja, Martin and Hurst, Erik and Ospina, Juan},
  year={2016},
  institution={National Bureau of Economic Research}
}

@article{kaplan2014model,
  title={A model of the consumption response to fiscal stimulus payments},
  author={Kaplan, Greg and Violante, Giovanni L},
  journal={Econometrica},
  volume={82},
  number={4},
  pages={1199--1239},
  year={2014},
  publisher={Wiley Online Library}
}

@article{nakamura2018identification,
  title={Identification in macroeconomics},
  author={Nakamura, Emi and Steinsson, J{\'o}n},
  journal={Journal of Economic Perspectives},
  volume={32},
  number={3},
  pages={59--86},
  year={2018}
}

@article{greenland2017import,
  title={Import competition and internal migration},
  author={Greenland, Andrew and Lopresti, John and McHenry, Peter},
  year={2017}
}


@techreport{gaston2018,
  title={Escaping the Losses from Trade: The Impact of Heterogeneity on Skill Acquisition},
  author={Ferriere, Axelle and Navarro, Gaston and Reyes-Heroles, Ricardo},
  year={2018},
}


@article{hassler2005positive,
  title={A positive theory of geographic mobility and social insurance},
  author={Hassler, John and Rodriguez Mora, Jos{\'e} V and Storesletten, Kjetil and Zilibotti, Fabrizio},
  journal={International Economic Review},
  volume={46},
  number={1},
  pages={263--303},
  year={2005},
  publisher={Wiley Online Library}
}

@techreport{lyon2018redistributing,
  title={Redistributing the Gains From Trade Through Progressive Taxation},
  author={Lyon, Spencer G and Waugh, Michael E},
  year={2018},
  institution={National Bureau of Economic Research}
}

@article{varian_2001, title={Economic Scene: The Power of Luck Is Important in Tax Policy},
url={https://www.nytimes.com/2001/05/03/business/economic-scene-the-power-of-luck-is-important-in-tax-policy.html},
 journal={New York Times},
  author={Varian, Hal},
   year={2001}, month={May}}

@techreport{costinot2018robots,
  title={Robots, Trade, and Luddism},
  author={Costinot, Arnaud and Werning, Iv{\'a}n},
 type = "Working Paper",
  year={2018}
}


@techreport{shourideh_2018,
 title = "Inequality, Redistribution and Optimal Trade
Policy: A Public Finance Approach",
 author = "Roozbeh Hosseini and Ali Shourideh",
 type = "Working Paper",
 year = "2018",
 month = "March",
}

@article{redding2016goods,
  title={Goods trade, factor mobility and welfare},
  author={Redding, Stephen J},
  journal={Journal of International Economics},
  volume={101},
  pages={148--167},
  year={2016},
  publisher={Elsevier}
}

@incollection{jones71,
  author       = {Jones, Ronald},
  title        = {A Three Factor Model in Theory, Trade, and History},
  booktitle    = {Trade, balance of payments and growth},
  publisher    = {North-Holland, Amsterdam},
  year         = 1971,
  editor       = {Jagdish Bhagwati , Ronald Jones , Robert Mundell , Jaroslav Vanek },
}


@article{Samuelson_specific,
 author = {Paul A. Samuelson},
 journal = {The Swedish Journal of Economics},
 number = {4},
 pages = {365--384},
 publisher = {[Scandinavian Journal of Economics, Wiley]},
 title = {Ohlin Was Right},
 volume = {73},
 year = {1971}
}


@techreport{clare_PIE_2017,
 title = "Slicing the Pie: Quantifying the Aggregate and Distributional Effects of Trade",
 author = "Simon Galle and Andrés Rodríguez-Clare and Moises Yi",
 institution = "National Bureau of Economic Research",
 type = "Working Paper",
 series = "Working Paper Series",
 number = "23737",
 year = "2017",
 month = "August",
}

@techreport{morten2016temporary,
  title={Temporary migration and endogenous risk sharing in village india},
  author={Morten, Melanie},
  year={2016},
  institution={National Bureau of Economic Research}
}

@article{huggett2001aggregate,
  title={Aggregate precautionary savings: when is the third derivative irrelevant?},
  author={Huggett, Mark and Ospina, Sandra},
  journal={Journal of Monetary Economics},
  volume={48},
  number={2},
  pages={373--396},
  year={2001},
  publisher={Elsevier}
}

@article{kennan2011effect,
  title={The effect of expected income on individual migration decisions},
  author={Kennan, John and Walker, James R},
  journal={Econometrica},
  volume={79},
  number={1},
  pages={211--251},
  year={2011},
  publisher={Wiley Online Library}
}


@article{broda2006globalization,
  title={Globalization And The Gains From Variety},
  author={Broda, Christian and Weinstein, David E},
  journal={Quarterly Journal of Economics},
  volume={121},
  number={2},
  year={2006}
}

@article{Simonovska201434,
title = "The elasticity of trade: Estimates and evidence ",
journal = "Journal of International Economics ",
volume = "92",
number = "1",
pages = "34 - 50",
year = "2014",
author = "Ina Simonovska and Michael E. Waugh",
}

@techreport{simonovska2014trade,
  title={Trade models, trade elasticities, and the gains from trade},
  author={Simonovska, Ina and Waugh, Michael E},
  year={2014},
  institution={National Bureau of Economic Research}
}

@article{parro2013capital,
  title={Capital-skill complementarity and the skill premium in a quantitative model of trade},
  author={Parro, Fernando},
  journal={American Economic Journal: Macroeconomics},
  volume={5},
  number={2},
  pages={72--117},
  year={2013},
  publisher={American Economic Association}
}

@article{caliendo2014estimates,
  title={Estimates of the Trade and Welfare Effects of NAFTA},
  author={Caliendo, Lorenzo and Parro, Fernando},
  journal={The Review of Economic Studies},
  pages={rdu035},
  year={2014},
  publisher={Oxford University Press}
}

@article{olly_pakes,
 author = {G. Steven Olley and Ariel Pakes},
 journal = {Econometrica},
 number = {6},
 pages = {1263--1297},
 publisher = {Econometric Society},
 title = {The Dynamics of Productivity in the Telecommunications Equipment Industry},
 volume = {64},
 year = {1996}
}


@article{dixit1986gains,
  title={Gains from trade without lump-sum compensation},
  author={Dixit, Avinash and Norman, Victor},
  journal={Journal of International Economics},
  volume={21},
  number={1-2},
  pages={111--122},
  year={1986},
  publisher={Elsevier}
}

@article{pierce2016surprisingly,
  title={The surprisingly swift decline of US manufacturing employment},
  author={Pierce, Justin R and Schott, Peter K},
  journal={American Economic Review},
  volume={106},
  number={7},
  pages={1632--62},
  year={2016}
}

@article{rogerson1988indivisible,
  title={Indivisible labor, lotteries and equilibrium},
  author={Rogerson, Richard},
  journal={Journal of monetary Economics},
  volume={21},
  number={1},
  pages={3--16},
  year={1988},
  publisher={Elsevier}
}

@article{lyon2018_prog,
  title={Redistributing the Gains From Trade Through Progressive Taxation},
  author={Lyon, Spencer and Waugh, Michael},
  year={2018}
}

@techreport{bernanke2005global,
  title={The global saving glut and the US current account deficit},
  author={Bernanke, Ben},
  year={2005}
}

@article{acemoglu2016import,
  title={Import competition and the great US employment sag of the 2000s},
  author={Acemoglu, Daron and Autor, David and Dorn, David and Hanson, Gordon H and Price, Brendan},
  journal={Journal of Labor Economics},
  volume={34},
  number={S1},
  pages={S141--S198},
  year={2016},
  publisher={University of Chicago Press Chicago, IL}
}


@article{feler2017trade,
  title={Trade shocks and the provision of local public goods},
  author={Feler, Leo and Senses, Mine Z},
  journal={American Economic Journal: Economic Policy},
  volume={9},
  number={4},
  pages={101--43},
  year={2017}
}

@article{keane2011labor,
  title={Labor supply and taxes: A survey},
  author={Keane, Michael P},
  journal={Journal of Economic Literature},
  volume={49},
  number={4},
  pages={961--1075},
  year={2011}
}

@article{rogerson2009micro,
  title={Micro and macro elasticities in a life cycle model with taxes},
  author={Rogerson, Richard and Wallenius, Johanna},
  journal={Journal of Economic theory},
  volume={144},
  number={6},
  pages={2277--2292},
  year={2009},
  publisher={Elsevier}
}

@article{cocsar2016firm,
  title={Firm dynamics, job turnover, and wage distributions in an open economy},
  author={Co{\c{s}}ar, A Kerem and Guner, Nezih and Tybout, James},
  journal={The American Economic Review},
  volume={106},
  number={3},
  pages={625--663},
  year={2016},
  publisher={American Economic Association}
}

@article{charles2016masking,
  title={The masking of the decline in manufacturing employment by the housing bubble},
  author={Charles, Kerwin Kofi and Hurst, Erik and Notowidigdo, Matthew J},
  journal={The Journal of Economic Perspectives},
  volume={30},
  number={2},
  pages={179--200},
  year={2016},
  publisher={American Economic Association}
}

@article{melitz2003impact,
  title={The impact of trade on intra-industry reallocations and aggregate industry productivity},
  author={Melitz, Marc J},
  journal={Econometrica},
  volume={71},
  number={6},
  pages={1695--1725},
  year={2003},
  publisher={Wiley Online Library}
}

@article{dixit1987trade,
  title={Trade and insurance with moral hazard},
  author={Dixit, Avinash},
  journal={Journal of international economics},
  volume={23},
  number={3-4},
  pages={201--220},
  year={1987},
  publisher={Elsevier}
}

@article{dixit1989trade,
  title={Trade and Insurance with Imperfectly Observed Outcomes},
  author={Dixit, Avinash},
  journal={The Quarterly Journal of Economics},
  volume={104},
  number={1},
  pages={195--203},
  year={1989},
  publisher={MIT Press}
}


@article{Dixit_89,
 author = {Avinash Dixit},
 journal = {The Review of Economic Studies},
 number = {2},
 pages = {235-247},
 publisher = {[Oxford University Press, Review of Economic Studies, Ltd.]},
 title = {Trade and Insurance with Adverse Selection},
 volume = {56},
 year = {1989}
}


@techreport{Pavcnik_NBERw23878,
 title = "The Impact of Trade on Inequality in Developing Countries",
 author = "Nina Pavcnik",
 institution = "National Bureau of Economic Research",
 type = "Working Paper",
 series = "Working Paper Series",
 number = "23878",
 year = "2017",
 month = "September",
}

@article{epifani2009openness,
  title={Openness, government size and the terms of trade},
  author={Epifani, Paolo and Gancia, Gino},
  journal={The Review of Economic Studies},
  volume={76},
  number={2},
  pages={629--668},
  year={2009},
  publisher={Wiley-Blackwell}
}


@article{spector2001possible,
  title={Is it possible to redistribute the gains from trade using income taxation?},
  author={Spector, David},
  journal={Journal of International Economics},
  volume={55},
  number={2},
  pages={441--460},
  year={2001},
  publisher={Elsevier}
}



@Book{Corden_74,
  author={Corden, W. Max.},
  title={{Trade Policy and Economic Welfare}},
  publisher={Oxford University Press},
  year=1974,
}


@article{newbery1984pareto,
  title={Pareto inferior trade},
  author={Newbery, David MG and Stiglitz, Joseph E},
  journal={The Review of Economic Studies},
  volume={51},
  number={1},
  pages={1--12},
  year={1984},
  publisher={Wiley-Blackwell}
}

@incollection{baldwin1982political,
  title={The political economy of protectionism},
  author={Baldwin, Robert E},
  booktitle={Import competition and response},
  pages={263--292},
  year={1982},
  publisher={University of Chicago Press}
}

@article{Eaton85,
 author = {Jonathan Eaton and Gene M. Grossman},
 journal = {The Canadian Journal of Economics / Revue canadienne d'Economique},
 number = {2},
 pages = {258-272},
 publisher = {[Wiley, Canadian Economics Association]},
 title = {Tariffs as Insurance: Optimal Commercial Policy When Domestic Markets Are Incomplete},
 volume = {18},
 year = {1985}
}

@article{shimer2005cyclical,
  title={The cyclical behavior of equilibrium unemployment and vacancies},
  author={Shimer, Robert},
  journal={American economic review},
  volume={95},
  number={1},
  pages={25--49},
  year={2005}
}

@article{hagedorn2008cyclical,
  title={The cyclical behavior of equilibrium unemployment and vacancies revisited},
  author={Hagedorn, Marcus and Manovskii, Iourii},
  journal={The American Economic Review},
  volume={98},
  number={4},
  pages={1692--1706},
  year={2008},
  publisher={American Economic Association}
}



@article{rodrik1998more,
  title={Why do more open economies have bigger governments?},
  author={Rodrik, Dani},
  journal={Journal of political Economy},
  volume={106},
  number={5},
  pages={997--1032},
  year={1998},
  publisher={The University of Chicago Press}
}

@book{rodrik1997has,
  title={Has Globalization Gone Too Far?},
  author={Rodrik, Dani},
  year={1997},
  publisher={Columbia University Press}
}


@article{molloy2011internal,
  title={Internal migration in the United States},
  author={Molloy, Raven and Smith, Christopher L and Wozniak, Abigail},
  journal={The Journal of Economic Perspectives},
  volume={25},
  number={3},
  pages={173--196},
  year={2011},
  publisher={American Economic Association}
}

@article{tolbert1996us,
  title={US commuting zones and labor market areas: A 1990 update},
  author={Tolbert, Charles M and Sizer, Molly},
  year={1996}
}

@article{krusell2010labour,
  title={Labour-market matching with precautionary savings and aggregate fluctuations},
  author={Krusell, Per and Mukoyama, Toshihiko and {\c{S}}ahin, Ay{\c{s}}eg{\"u}l},
  journal={The Review of Economic Studies},
  volume={77},
  number={4},
  pages={1477--1507},
  year={2010},
  publisher={Wiley-Blackwell}
}

@article{lagakos2017welfare,
  title={The Welfare Effects of Encouraging Rural-Urban Migration},
  author={Lagakos, David and Mobarak, Mushfiq and Waugh, Michael E},
  year={2017}
}

@article{dix2014trade,
  title={Trade liberalization and labor market dynamics},
  author={Dix-Carneiro, Rafael},
  journal={Econometrica},
  volume={82},
  number={3},
  pages={825--885},
  year={2014},
  publisher={Wiley Online Library}
}

@article{townsend1994risk,
  title={Risk and insurance in village India},
  author={Townsend, Robert M},
  journal={Econometrica: Journal of the Econometric Society},
  pages={539--591},
  year={1994},
  publisher={JSTOR}
}

@article{autor2014trade,
  title={Trade adjustment: Worker-level evidence},
  author={Autor, David H and Dorn, David and Hanson, Gordon H and Song, Jae},
  journal={The Quarterly Journal of Economics},
  volume={129},
  number={4},
  pages={1799--1860},
  year={2014},
  publisher={MIT Press}
}

@article{greenland2016import,
  title={Import Competition and Internal Migration},
  author={Greenland, Andrew and Lopresti, John and McHenry, Peter},
  year={2016}
}

@article{kaplan2012inequality,
  title={Inequality and the life cycle},
  author={Kaplan, Greg},
  journal={Quantitative Economics},
  volume={3},
  number={3},
  pages={471--525},
  year={2012},
  publisher={Wiley Online Library}
}

@article{krueger2016macroeconomics,
  title={Macroeconomics and Household Heterogeneity},
  author={Krueger, Dirk and Mitman, Kurt and Perri, Fabrizio},
  journal={Handbook of Macroeconomics},
  volume={2},
  pages={843--921},
  year={2016},
  publisher={Elsevier}
}

@article{mirrlees1974notes,
  title={Notes on welfare economics, information and uncertainty},
  author={Mirrlees, James},
  journal={Essays on economic behavior under uncertainty},
  pages={243--261},
  year={1974},
  publisher={Amsterdam: North Holland Publishing Co}
}

@article{chang2007heterogeneity,
  title={Heterogeneity and aggregation: Implications for labor-market fluctuations},
  author={Chang, Yongsung and Kim, Sun-Bin},
  journal={The American Economic Review},
  volume={97},
  number={5},
  pages={1939--1956},
  year={2007},
  publisher={JSTOR}
}

@article{krishna2014,
author = {Krishna, Pravin and Senses, Mine Zeynep},
title = {International Trade and Labour Income Risk in the U.S.},
journal = {The Review of Economic Studies},
volume = {81},
number = {1},
pages = {186-218},
year = {2014}
}

@article{varian1980redistributive,
  title={Redistributive taxation as social insurance},
  author={Varian, Hal R},
  journal={Journal of public Economics},
  volume={14},
  number={1},
  pages={49--68},
  year={1980},
  publisher={Elsevier}
}

@Article{attanasio1996,
  author={Attanasio, Orazio and Davis, Steven J},
  title={{Relative Wage Movements and the Distribution of Consumption}},
  journal={Journal of Political Economy},
  year=1996,
  volume={104},
  number={6},
  pages={1227-1262},
  month={December},
}

@article{kambourov2009labour,
  title={Labour Market Regulations and the Sectoral Reallocation of Workers: The Case of Trade Reforms},
  author={Kambourov, Gueorgui},
  journal={Review of Economic Studies},
  volume={76},
  number={4},
  pages={1321--1358},
  year={2009},
  publisher={Wiley Online Library}
}

@book{miranda2004applied,
  title={Applied computational economics and finance},
  author={Miranda, Mario J and Fackler, Paul L},
  year={2004}
}

@article{antras2016globalization,
  title={Globalization, inequality and welfare},
  author={Antr{\`a}s, Pol and De Gortari, Alonso and Itskhoki, Oleg},
  journal={Journal of International Economics},
  volume={108},
  pages={387--412},
  year={2017},
  publisher={Elsevier}
}

@article{mirrlees1971exploration,
  title={An exploration in the theory of optimum income taxation},
  author={Mirrlees, James A},
  journal={The review of economic studies},
  volume={38},
  number={2},
  pages={175--208},
  year={1971},
  publisher={JSTOR}
}

@article{ramsey1927contribution,
  title={A Contribution to the Theory of Taxation},
  author={Ramsey, Frank P},
  journal={The Economic Journal},
  volume={37},
  number={145},
  pages={47--61},
  year={1927},
  publisher={JSTOR}
}

@article{guner2014income,
  title={Income taxation of US households: Facts and parametric estimates},
  author={Guner, Nezih and Kaygusuz, Remzi and Ventura, Gustavo},
  journal={Review of Economic Dynamics},
  volume={17},
  number={4},
  pages={559--581},
  year={2014},
  publisher={Elsevier}
}

@techreport{heathcote2014optimal,
  title={Optimal tax progressivity: An analytical framework},
  author={Heathcote, Jonathan and Storesletten, Kjetil and Violante, Giovanni L},
  year={2014},
  institution={National Bureau of Economic Research}
}

@article{conesa2006optimal,
  title={On the optimal progressivity of the income tax code},
  author={Conesa, Juan Carlos and Krueger, Dirk},
  journal={Journal of Monetary Economics},
  volume={53},
  number={7},
  pages={1425--1450},
  year={2006},
  publisher={Elsevier}
}

@article{benabou2002tax,
  title={Tax and Education Policy in a Heterogeneous-Agent Economy: What Levels of Redistribution Maximize Growth and Efficiency?},
  author={Benabou, Roland},
  journal={Econometrica},
  volume={70},
  number={2},
  pages={481--517},
  year={2002},
}

@article{eaton1980optimal,
  title={Optimal redistributive taxation and uncertainty},
  author={Eaton, Jonathan and Rosen, Harvey S},
  journal={The Quarterly Journal of Economics},
  volume={95},
  number={2},
  pages={357--364},
  year={1980},
}

@article{aiyagari1994uninsured,
  title={Uninsured idiosyncratic risk and aggregate saving},
  author={Aiyagari, S Rao},
  journal={The Quarterly Journal of Economics},
  volume={109},
  number={3},
  pages={659--684},
  year={1994},
  publisher={Oxford University Press}
}

@article{lyon2017,
  title={Quantifying the Losses from International Trade},
  author={Lyon, Spencer and Waugh, Michael},
  year={2018}
}

@article{barrot2016import,
  title={Import Competition and Household Debt},
  author={Barrot, Jean-No{\"e}l and Loualiche, Erik and Plosser, Matthew C and Sauvagnat, Julien},
  year={2018}
}

@article{arkolakis2012new,
  title={New Trade Models, Same Old Gains?},
  author={Arkolakis, Costas and Costinot, Arnaud and Rodr{\'\i}guez-Clare, Andr{\'e}s},
  journal={American Economic Review},
  volume={102},
  number={1},
  pages={94--130},
  year={2012}
}

@techreport{hanson2015dynamics,
  title={The dynamics of comparative advantage},
  author={Hanson, Gordon H and Lind, Nelson and Muendler, Marc-Andreas},
  year={2015},
  institution={National Bureau of Economic Research}
}

@article{huggett1993risk,
  title={The risk-free rate in heterogeneous-agent incomplete-insurance economies},
  author={Huggett, Mark},
  journal={Journal of economic Dynamics and Control},
  volume={17},
  number={5},
  pages={953--969},
  year={1993},
  publisher={Elsevier}
}

@article{caliendo2015trade,
  title={Trade and labor market dynamics},
  author={Caliendo, Lorenzo and Dvorkin, Maximiliano A and Parro, Fernando},
  year={2015}
}

@article{artucc2010trade,
  title={Trade shocks and labor adjustment: A structural empirical approach},
  author={Artu{\c{c}}, Erhan and Chaudhuri, Shubham and McLaren, John},
  journal={The American Economic Review},
  volume={100},
  number={3},
  pages={1008--1045},
  year={2010},
  publisher={American Economic Association}
}

@article{dornbusch1977comparative,
  title={Comparative advantage, trade, and payments in a Ricardian model with a continuum of goods},
  author={Dornbusch, Rudiger and Fischer, Stanley and Samuelson, Paul Anthony},
  journal={The American Economic Review},
  volume={67},
  number={5},
  pages={823--839},
  year={1977},
}


@article{lucas1974equilibrium,
  title={Equilibrium search and unemployment},
  author={Lucas, Robert E and Prescott, Edward C},
  journal={Journal of Economic Theory},
  volume={7},
  number={2},
  pages={188--209},
  year={1974},
}

@article{eaton2002technology,
  title={Technology, geography, and trade},
  author={Eaton, Jonathan and Kortum, Samuel},
  journal={Econometrica},
  volume={70},
  number={5},
  pages={1741--1779},
  year={2002},
}


@article{backus1993,
title = "Consumption and real exchange rates in dynamic economies with non-traded goods",
journal = "Journal of International Economics",
volume = "35",
number = "3",
pages = "297 - 316",
year = "1993",
author = "David K. Backus and Gregor W. Smith",
}

@book{ljungqvist2012recursive,
  title={Recursive macroeconomic theory},
  author={Ljungqvist, Lars and Sargent, Thomas J},
  year={2012},
  publisher={MIT press}
}

@article{cochrane1991simple,
  title={A simple test of consumption insurance},
  author={Cochrane, John H},
  journal={Journal of political economy},
  pages={957--976},
  year={1991},
  publisher={JSTOR}
}


@article{david2013china,
  title={The China Syndrome: Local Labor Market Effects of Import Competition in the United States},
  author={Autor, David and Dorn, David and Hanson, Gordon H},
  journal={The American Economic Review},
  volume={103},
  number={6},
  pages={2121--2168},
  year={2013},
  publisher={American Economic Association}

}

@article{mian2013household,
  title={Household Balance Sheets, Consumption, and the Economic Slump*.},
  author={Mian, Atif and Rao, Kamalesh and Sufi, Amir},
  journal={Quarterly Journal of Economics},
  volume={128},
  number={4},
  year={2013}
}

@article{mian2014explains,
  title={What explains the 2007--2009 drop in employment?},
  author={Mian, Atif and Sufi, Amir},
  journal={Econometrica},
  volume={82},
  number={6},
  pages={2197--2223},
  year={2014},
  publisher={Wiley Online Library}
}


@techreport{kaplan2016non,
  title={Non-durable Consumption and Housing Net Worth in the Great Recession: Evidence from Easily Accessible Data},
  author={Kaplan, Greg and Mitman, Kurt and Violante, Giovanni L},
  year={2016},
  institution={National Bureau of Economic Research}
}

@article{waugh2010international,
  title={International Trade and Income Differences},
  author={Waugh, Michael E},
  journal={The American Economic Review},
  volume={100},
  number={5},
  pages={2093--2124},
  year={2010},
  publisher={American Economic Association}
}

@article{simonovska2014elasticity,
  title={The Elasticity of Trade: Estimates and Evidence},
  author={Simonovska, Ina and Waugh, Michael E},
  journal={Journal of International Economics},
  volume={92},
  number={1},
  pages={34--50},
  year={2014},
  publisher={Elsevier}
}

@article{simonovskatrade,
  title={Trade Models, Trade Elasticities, and the Gains from Trade},
  author={Simonovska, Ina and Waugh, Michael E},
  year={2014},
}

@article{anderson2004trade,
  title={Trade Costs},
  author={Anderson, James E and van Wincoop, Eric},
  journal={Journal of Economic Literature},
  volume={42},
  pages={691--751},
  year={2004}
}

@article{gollin2013agricultural,
  title={The Agricultural Productivity Gap},
  author={Gollin, Douglas and Lagakos, David and Waugh, Michael E},
  journal={The Quarterly Journal of Economics},
  year={2013},
  publisher={Oxford University Press}
}

@article{gollin2014agricultural,
  title={Agricultural Productivity Differences across Countries},
  author={Gollin, Douglas and Lagakos, David and Waugh, Michael E},
  journal={The American Economic Review},
  volume={104},
  number={5},
  pages={165--170},
  year={2014},
  publisher={American Economic Association}
}

@article{lagakos2013selection,
  title={Selection, Agriculture, and Cross-Country Productivity Differences},
  author={Lagakos, David and Waugh, Michael E},
  journal={The American Economic Review},
  volume={103},
  number={2},
  pages={948--980},
  year={2013},
  publisher={American Economic Association}
}

@article{young2013inequality,
  title={Inequality, the Urban-Rural Gap and Migration},
  author={Young, Alwyn},
  journal={The Quarterly Journal of Economics},
  year={2013},
  publisher={Oxford University Press}
}

@article{perla2012equilibrium,
  title={Equilibrium Technology Diffusion, Trade, and Growth},
  author={Perla, Jesse and Tonetti, Christopher and Waugh, Michael E},
  year={2015}
}

@article{harris1970migration,
  title={Migration, unemployment and development: a two-sector analysis},
  author={Harris, John R and Todaro, Michael P},
  journal={The American economic review},
  pages={126--142},
  year={1970},
}

@article{young2014structural,
  title={Structural transformation, the mismeasurement of productivity growth, and the cost disease of services},
  author={Young, Alwyn},
  journal={The American Economic Review},
  volume={104},
  number={11},
  pages={3635--3667},
  year={2014},
  publisher={American Economic Association}
}

@techreport{hsieh2013allocation,
  title={The allocation of talent and us economic growth},
  author={Hsieh, Chang-Tai and Hurst, Erik and Jones, Charles I and Klenow, Peter J},
  year={2013},
  institution={National Bureau of Economic Research}
}

@techreport{burstein2015accounting,
  title={Accounting for changes in between-group inequality},
  author={Burstein, Ariel and Morales, Eduardo and Vogel, Jonathan},
  year={2015},
  institution={National Bureau of Economic Research}
}

@article{galle2015slicing,
  title={Slicing the pie: Quantifying the aggregate and distributional effects of trade},
  author={Galle, Simon and Rodr{\i}guez-Clare, Andr{\'e}s and Yi, Moises},
  journal={Unpublished manuscript, UC Berkeley},
  year={2015}
}

@techreport{leibovici2015international,
  title={International Trade and Intertemporal Substitution},
  author={Leibovici, Fernando and Waugh, Michael E},
  year={2015},
}

@techreport{baley2015information,
  title={Information Globalization, Risk Sharing and International Trade},
  author={Baley, Isaac and Veldkamp, Laura and Waugh, Michael E},
  year={2015}
}
